<?xml version="1.0" encoding="UTF-8"?><collection xmlns="http://www.loc.gov/MARC21/slim"><record><leader>00363nam--2200121-i-4500</leader><controlfield tag="001">000040937</controlfield><controlfield tag="002">20161230</controlfield><controlfield tag="005">20161230201042</controlfield><controlfield tag="008">060222s1000------------r-----000-0-eng-d</controlfield><datafield ind1=" " ind2=" " tag="080"><subfield code="a">017</subfield></datafield><datafield ind1=" " ind2=" " tag="245"><subfield code="a">Scientific and learned socienties of great britain. a handbook compiled from official sources</subfield></datafield><datafield ind1=" " ind2=" " tag="260"><subfield code="a">London, George Allen &amp; Unwin Ltd.,1956. 211 P</subfield></datafield><datafield ind1=" " ind2=" " tag="852"><subfield code="a">12699</subfield></datafield></record></collection>